@article{blackmon2019,
  title={Meiotic drive shapes rates of karyotype evolution in mammals},
  author={Blackmon, Heath and Justison, Joshua and Mayrose, Itay and Goldberg, Emma E},
  journal={Evolution},
  volume={73},
  number={3},
  pages={511--523},
  year={2019},
  publisher={Wiley Online Library}
}

@book{white1977,
  title={Animal cytology and evolution},
  author={White, Michael James Denham},
  year={1977},
  publisher={CUP Archive}
}

@article{stebbins1971,
  title={Chromosomal evolution in higher plants.},
  author={Stebbins, George Ledyard and others},
  journal={Chromosomal evolution in higher plants.},
  year={1971},
  publisher={Edward Arnold Ltd., London.}
}

@article{charlesworth1980,
  title={Sex differences in fitness and selection for centric fusions between sex-chromosomes and autosomes},
  author={Charlesworth, D and Charlesworth, B},
  journal={Genetics Research},
  volume={35},
  number={2},
  pages={205--214},
  year={1980},
  publisher={Cambridge University Press}
}

@article{ponnikas2018sex,
  title={Why do sex chromosomes stop recombining?},
  author={Ponnikas, Suvi and Sigeman, Hanna and Abbott, Jessica K and Hansson, Bengt},
  journal={Trends in Genetics},
  volume={34},
  number={7},
  pages={492--503},
  year={2018},
  publisher={Elsevier}
}


@article{zhou2012,
  title={Sex-specific adaptation drives early sex chromosome evolution in Drosophila},
  author={Zhou, Qi and Bachtrog, Doris},
  journal={Science},
  volume={337},
  number={6092},
  pages={341--345},
  year={2012},
  publisher={American Association for the Advancement of Science}
}

@article{innocenti2010sexually,
  title={The sexually antagonistic genes of Drosophila melanogaster},
  author={Innocenti, Paolo and Morrow, Edward H},
  journal={PLoS biology},
  volume={8},
  number={3},
  year={2010},
  publisher={Public Library of Science}
}

@article{cheng2016sex,
  title={Sex-specific selection and sex-biased gene expression in humans and flies},
  author={Cheng, Changde and Kirkpatrick, Mark},
  journal={PLoS Genetics},
  volume={12},
  number={9},
  year={2016},
  publisher={Public Library of Science}
}

@article{kasimatis2019limits,
  title={Limits to genomic divergence under sexually antagonistic selection},
  author={Kasimatis, Katja R and Ralph, Peter L and Phillips, Patrick C},
  journal={G3: Genes, Genomes, Genetics},
  volume={9},
  number={11},
  pages={3813--3824},
  year={2019},
  publisher={G3: Genes, Genomes, Genetics}
}

@article{blackmon2017,
  title={Sex determination, sex chromosomes, and karyotype evolution in insects},
  author={Blackmon, Heath and Ross, Laura and Bachtrog, Doris},
  journal={Journal of Heredity},
  volume={108},
  number={1},
  pages={78--93},
  year={2017},
  publisher={Oxford University Press US}
}

@article{ashman2014tree,
  title={Tree of Sex: A database of sexual systems},
  author={Ashman, Tia-Lynn and Bachtrog, Doris and Blackmon, Heath and Goldberg, Emma E and Hahn, Matthew W and Kirkpatrick, Mark and Kitano, Jun and Mank, Judith E and Mayrose, Itay and Ming, Ray and others},
  journal={Scientific Data},
  volume={1},
  pages={140015},
  year={2014},
  publisher={Nature Publishing Group}
}

@article{bachtrog2014sex,
  title={Sex determination: why so many ways of doing it?},
  author={Bachtrog, Doris and Mank, Judith E and Peichel, Catherine L and Kirkpatrick, Mark and Otto, Sarah P and Ashman, Tia-Lynn and Hahn, Matthew W and Kitano, Jun and Mayrose, Itay and Ming, Ray and others},
  journal={PLoS Biol},
  volume={12},
  number={7},
  pages={e1001899},
  year={2014},
  publisher={Public Library of Science}
}

@article{huelsenbeck2003,
  title={Stochastic mapping of morphological characters},
  author={Huelsenbeck, John P and Nielsen, Rasmus and Bollback, Jonathan P},
  journal={Systematic Biology},
  volume={52},
  number={2},
  pages={131--158},
  year={2003},
  publisher={Society of Systematic Zoology}
}

@article{revell2012,
  title={phytools: an R package for phylogenetic comparative biology (and other things)},
  author={Revell, Liam J},
  journal={Methods in ecology and evolution},
  volume={3},
  number={2},
  pages={217--223},
  year={2012},
  publisher={Wiley Online Library}
}

@article{pennell2015,
  title={Y fuse? Sex chromosome fusions in fishes and reptiles},
  author={Pennell, Matthew W and Kirkpatrick, Mark and Otto, Sarah P and Vamosi, Jana C and Peichel, Catherine L and Valenzuela, Nicole and Kitano, Jun},
  journal={PLoS genetics},
  volume={11},
  number={5},
  year={2015},
  publisher={Public Library of Science}
}

@article{mcallister2003,
  title={Sequence Differentiation Associated With an Inversion on the Neo-X Chromosome of Drosophila americana},
  author={McAllister, Bryant F},
  journal={Genetics Society of America},
  volume={165},
  number={3},
  pages={1317-1328},
  year={2003},
  publisher={Genetics}
}

@article{maddison2013,
  title={Multiple Origins of Sex Chromosome Fusions Correlated with Chiasma Localization in Habronattus Jumping Spiders (Araneae: Salticidae)},
  author={Maddison, Wayne P and Leduc-Robert, Genevie\`ve},
  journal={Evolution},
  volume={67},
  number={8},
  pages={2258-2272},
  year={2013},
  publisher={Wiley Online Library}
}

@book{hsu2013,
  title={An atlas of mammalian chromosomes},
  author={Hsu, Tao C and Benirschke, Kurt},
  volume={10},
  year={2013},
  publisher={Springer Science \& Business Media}
}